@misc{fifaranking,
  title = {Marcelo Duhalde, Fifa Ranking For The Gulf National Teams.},
  howpublished = {\url{http://visualizing.org/visualizations/fifa-ranking-gulf-national-teams}},
  note = {2015-04-22}
}

@misc{olympic,
  title = {Olympic, Official Olympic Games Results},
  howpublished = {\url{http://www.olympic.org/olympic-results/}},
  note = {2015-05-13}
}

@misc{statista,
  title = {Statista, Top 50 Formula 1 drivers based on number of podium finishes from 1950 to 2014},
  howpublished = {\url{http://www.statista.com/statistics/263095/formula-1-drivers-by-number-of-podium-finishes/}},
  note = {2015-05-13}
}


@misc{stats,
  title = {Stats, F1, Statistics Drivers},
  howpublished = {\url{http://www.statsf1.com/en/statistiques/pilote/podium/age.aspx}},
  note = {2015-05-13}
}

@misc{motogp,
  title = {MotoGP},
  howpublished = {\url{http://www.motogp.com/en/Results+Statistics/Statistics}},
  note = {2015-05-13}
}

@misc{gphub,
  title = {GP Hub Motorsport, Which F1 Team has the most podiums this season?},
  howpublished = {\url{http://www.gp-hub.com/stats/which-f1-team-has-the-most-podiums-this-season/}},
  note = {2015-05-13}
}

@inproceedings{blaise2008experimenting,
  title={Experimenting timelines for artefacts analysis: from time distribution to information visualisation},
  author={Blaise, Jean-Yves and Dudek, Iwona},
  booktitle={14th International Conference on Virtual Systems and Multimedia},
  pages={349--357},
  year={2008},
  organization={Archeolingua}
}

@article{cleveland1984graphical,
  title={Graphical perception: Theory, experimentation, and application to the development of graphical methods},
  author={Cleveland, William S and McGill, Robert},
  journal={Journal of the American statistical association},
  volume={79},
  number={387},
  pages={531--554},
  year={1984},
  publisher={Taylor \& Francis}
}

@inproceedings{eick1994data,
  title={Data visualization sliders},
  author={Eick, Stephen G},
  booktitle={Proceedings of the 7th annual ACM symposium on User interface software and technology},
  pages={119--120},
  year={1994},
  organization={ACM}
}

@article{segel2010narrative,
  title={Narrative visualization: Telling stories with data},
  author={Segel, Edward and Heer, Jeffrey},
  journal={Visualization and Computer Graphics, IEEE Transactions on},
  volume={16},
  number={6},
  pages={1139--1148},
  year={2010},
  publisher={IEEE}
}

@inproceedings{shneiderman1996eyes,
  title={The eyes have it: A task by data type taxonomy for information visualizations},
  author={Shneiderman, Ben},
  booktitle={Visual Languages, 1996. Proceedings., IEEE Symposium on},
  pages={336--343},
  year={1996},
  organization={IEEE}
}

@article{spenke2000infozoom,
  title={InfoZoom-Analysing Formula One racing results with an interactive data mining and visualisation tool},
  author={Spenke, Michael and Beilken, Christian},
  journal={Proc. Data Mining 2000},
  pages={455--464},
  year={2000}
}

@inproceedings{burch2008timeline,
  title={Timeline trees: visualizing sequences of transactions in information hierarchies},
  author={Burch, Michael and Beck, Fabian and Diehl, Stephan},
  booktitle={Proceedings of the working conference on Advanced visual interfaces},
  pages={75--82},
  year={2008},
  organization={ACM}
}

@misc{records,
  title = {World of Records},
  howpublished = {\url{http://visualization.geblogs.com/visualization/records/}},
  note = {2015-05-11}
}

@misc{records,
  title = {Justin Palmerâ€™s D3 tooltip library},
  howpublished = {\url{http://bl.ocks.org/Caged/6476579}},
  note = {2015-04-18}
}
